@PROCEEDINGS\textsc{â€¢}{TassaIROS12,
    author = "Yuval Tassa, Tom Erez and Emanuel Todorov",
	year = {2012},
	month = {10},
	pages = {4906-4913},
	title = {Synthesis and stabilization of complex behaviors through online trajectory optimization},
	isbn = {978-1-4673-1737-5},
	journal = {Proceedings of the 2012 IEEE/RSJ International Conference on Intelligent Robots and Systems},
	doi = {10.1109/IROS.2012.6386025}
}